@article{Bentley2018,
  author = {Bentley, R. Alexander and Ormerod, Paul and Ruck, Damian J.},
  title = {Recent origin and evolution of obesity-income correlation across the United States},
  journal = {Palgrave Communications},
  volume = {4},
  pages = {146},
  year = {2018},
  url = {https://doi.org/10.1057/s41599-018-0201-x},
  doi = {10.1057/s41599-018-0201-x}
}

@article{Smits2017,
  author = {Smits, Samuel A. and Leach, Jeff and Sonnenburg, Erica D. and Gonzalez, Carlos G. and Lichtman, Joshua S. and Reid, Gregor and Knight, Rob and Manjurano, Alphaxard and Changalucha, John and Elias, Joshua E. and Dominguez-Bello, Maria Gloria and Sonnenburg, Justin L.},
  title = {Seasonal cycling in the gut microbiome of the Hadza hunter-gatherers of Tanzania},
  journal = {Science},
  volume = {357},
  number = {6353},
  pages = {802--806},
  year = {2017},
  month = aug,
  doi = {10.1126/science.aan4834},
  PMID = {28839072},
  PMCID = {PMC5891123}
}

@article{Muscogiuri2018,
  author = {Muscogiuri, Giovanna and Balercia, Giancarlo and Barrea, Luigi and Cignarelli, Angelo and Giorgino, Francesco and Holst, Jens Juul and Laudisio, Daniela and Orio, Francesco and Tirabassi, Giacomo and Colao, Annamaria},
  title = {Gut: A key player in the pathogenesis of type 2 diabetes?},
  journal = {Critical Reviews in Food Science and Nutrition},
  volume = {58},
  number = {8},
  pages = {1294--1309},
  year = {2018},
  month = may,
  doi = {10.1080/10408398.2016.1252712},
  PMID = {27892685}
}

@article{Smith2017,
  author = {Smith, Thomas G.},
  title = {Household-level financial uncertainty could be the primary driver of the global obesity epidemic},
  journal = {Behavioral and Brain Sciences},
  volume = {40},
  pages = {e128},
  year = {2017},
  month = jan,
  doi = {10.1017/S0140525X16001539},
  PMID = {29342590}
}

@article{Hruschka2017,
  author = {Hruschka, Daniel J. and Han, Sang-Yun},
  title = {Anti-fat discrimination in marriage more clearly explains the poverty--obesity paradox},
  journal = {Behavioral and Brain Sciences},
  volume = {40},
  pages = {e120},
  year = {2017},
  doi = {10.1017/S0140525X1600145X}
}

@article{Gearhardt2023,
  author = {Gearhardt, Ashley N. and DiFeliceantonio, Alexandra G.},
  title = {Highly processed foods can be considered addictive substances based on established scientific criteria},
  journal = {Addiction},
  volume = {118},
  number = {4},
  pages = {589--598},
  year = {2023},
  month = apr,
  doi = {10.1111/add.16065},
  PMID = {36349900},
  eprint = {2022 Nov 9}
}

@article{Cohen2013,
  author = {Cohen, Alison K. and Rai, Mosi and Rehkopf, David H. and Abrams, Barbara},
  title = {Educational attainment and obesity: a systematic review},
  journal = {Obesity Reviews},
  volume = {14},
  number = {12},
  pages = {989--1005},
  year = {2013},
  month = dec,
  doi = {10.1111/obr.12062},
  eprint = {2013 Jul 25},
  PMID = {23889851},
  PMCID = {PMC3902051}
}

@article{Zhang2021,
  author = {Zhang, Jianzhi},
  title = {The Bidirectional Relationship between Body Weight and Depression across Gender: A Simultaneous Equation Approach},
  journal = {International Journal of Environmental Research and Public Health},
  volume = {18},
  number = {14},
  pages = {7673},
  year = {2021},
  month = jul,
  doi = {10.3390/ijerph18147673},
  PMID = {34300124},
  PMCID = {PMC8304982}
}
@misc{Obesity,
  author = {{Our World in Data}},
  title = {Obesity},
  howpublished = {\url{https://ourworldindata.org/obesity}},
  note = {Accessed: 2024-05-30}
}

@misc{MentalHealth,
  author = {{Our World in Data}},
  title = {Mental Health},
  howpublished = {\url{https://ourworldindata.org/mental-health}},
  note = {Accessed: 2024-05-30}
}

@misc{Poverty,
  author = {{Our World in Data}},
  title = {Poverty},
  howpublished = {\url{https://ourworldindata.org/poverty}},
  note = {Accessed: 2024-05-30}
}

@misc{PopulationGrowth,
  author = {{Our World in Data}},
  title = {Population Growth},
  howpublished = {\url{https://ourworldindata.org/population-growth}},
  note = {Accessed: 2024-05-30}
}


@misc{pandasdocs,
  title = {Pandas Documentation},
  author = {{Pandas Development Team}},
  howpublished = {\url{https://pandas.pydata.org/pandas-docs/version/1.4.4/pandas.pdf}},
  note = {Accessed: Insert Date Accessed}
}
@misc{mongodbarchguide,
  title = {MongoDB Architecture Guide},
  author = {{MongoDB}},
  howpublished = {\url{https://www.mongodb.com/resources/products/fundamentals/mongodb-architecture-guide}},
  note = {Accessed: Insert Date Accessed}
}

@article{Drewnowski2004,
  author = {Drewnowski, Adam and Specter, S. E.},
  title = {Poverty and obesity: the role of energy density and energy costs},
  journal = {The American Journal of Clinical Nutrition},
  volume = {79},
  number = {1},
  pages = {6--16},
  year = {2004},
  month = jan,
  doi = {10.1093/ajcn/79.1.6},
  PMID = {14684391}
}
@article{Morland2002,
author = {Morland, Kimberly and Wing, Steve and Diez Roux, Ana and Poole, Charles},
year = {2002},
month = {02},
pages = {23-9},
title = {Neighborhood Characteristics Associated with the Location of Food Stores and Food Service Places},
volume = {22},
journal = {American journal of preventive medicine},
doi = {10.1016/S0749-3797(01)00403-2}
}
@article{Walker2010,
author = {Tomlinson, Mark and Walker, Robert},
year = {2010},
month = {11},
pages = {1162-1182},
title = {Poverty, adolescent well‚Äêbeing and outcomes later in life},
volume = {22},
journal = {Journal of International Development},
doi = {10.1002/jid.1753}
}


}

@article{Powell2007,
  title={The availability of fast-food and full-service restaurants in the United States: associations with neighborhood characteristics},
  author={Powell, L. M. and Chaloupka, F. J. and Bao, Y.},
  journal={American Journal of Preventive Medicine},
  volume={33},
  number={4 Suppl},
  pages={S240--S245},
  year={2007},
  doi={10.1016/j.amepre.2007.07.007}
}

@article{Black2007,
  title={Neighborhoods and obesity},
  author={Black, J. L. and Macinko, J.},
  journal={Nutrition Reviews},
  volume={66},
  number={1},
  pages={2--20},
  year={2008},
  doi={10.1111/j.1753-4887.2007.00001.x}
}

@article{Larson2009,
  title={Neighborhood environments: disparities in access to healthy foods in the U.S.},
  author={Larson, N. I. and Story, M. T. and Nelson, M. C.},
  journal={American Journal of Preventive Medicine},
  volume={36},
  number={1},
  pages={74--81},
  year={2009},
  doi={10.1016/j.amepre.2008.09.025}
}



@article{Sorensen2012,
  title={Health literacy and public health: a systematic review and integration of definitions and models},
  author={Sorensen, K. and Van den Broucke, S. and Fullam, J. and Doyle, G. and Pelikan, J. and Slonska, Z. and ... and Brand, H.},
  journal={BMC Public Health},
  volume={12},
  number={1},
  pages={80},
  year={2012},
  doi={10.1186/1471-2458-12-80}
}

@article{Berkman2011,
  title={Low health literacy and health outcomes: an updated systematic review},
  author={Berkman, N. D. and Sheridan, S. L. and Donahue, K. E. and Halpern, D. J. and Crotty, K.},
  journal={Annals of Internal Medicine},
  volume={155},
  number={2},
  pages={97--107},
  year={2011},
  doi={10.7326/0003-4819-155-2-201107190-00005}
}

@article{Muennig2007,
  title={The public health effects of disparities in education and income},
  author={Muennig, P.},
  journal={The Milbank Quarterly},
  volume={85},
  number={2},
  pages={365--394},
  year={2007},
  doi={10.1111/j.1468-0009.2007.00489.x}
}

@article{Darmon2002,
  title={The price and the energy density of foods: insights from a French ad hoc survey},
  author={Darmon, N. and Briend, A. and Drewnowski, A.},
  journal={Public Health Nutrition},
  volume={5},
  number={6b},
  pages={1331--1335},
  year={2002},
  doi={10.1079/phn2002407}
}

@article{Block2011,
  title={Fast food, race/ethnicity, and income: A geographic analysis},
  author={Block, J. P. and Scribner, R. A. and DeSalvo, K. B.},
  journal={American Journal of Preventive Medicine},
  volume={34},
  number={Suppl 3},
  pages={S145--S150},
  year={2008},
  doi={10.1016/j.amepre.2007.12.022}
}

@article{Grier2017,
  title={Fast food marketing and children's fast food consumption: Exploring parents' influences in an ethnically diverse sample},
  author={Grier, S. A. and Kumanyika, S. K.},
  journal={Journal of Public Policy \& Marketing},
  volume={26},
  number={2},
  pages={221--235},
  year={2007},
  doi={10.1509/jppm.26.2.221}
}

@article{Cutler2010,
  title={Education and health: evaluating theories and evidence},
  author={Cutler, D. M. and Lleras-Muney, A.},
  journal={National Bureau of Economic Research},
  year={2010},
  doi={10.3386/w12352}
}

@article{Montez2015,
  title={Educational attainment and adult health: under what conditions is the association causal?},
  author={Montez, J. K. and Hayward, M. D.},
  journal={Social Science \& Medicine},
  volume={127},
  pages={1--7},
  year={2015},
  doi={10.1016/j.socscimed.2014.12.029}
}

@article{Hruby2016,
  title={The epidemiology of obesity: A big picture},
  author={Hruby, A. and Hu, F. B.},
  journal={Pharmacoeconomics},
  volume={33},
  number={7},
  pages={673-689},
  year={2016},
  doi={10.1007/s40273-015-0252-3}
}

@article{Alberti2009,
  title={Harmonizing the metabolic syndrome: A joint interim statement of the International Diabetes Federation Task Force on Epidemiology and Prevention},
  author={Alberti, K. G. M. M. and Eckel, R. H. and Grundy, S. M.},
  journal={Circulation},
  volume={120},
  number={16},
  pages={1640-1645},
  year={2009},
  doi={10.1161/CIRCULATIONAHA.109.192644}
}

@article{Hotamisligil2006,
  title={Inflammation and metabolic disorders},
  author={Hotamisligil, G. S.},
  journal={Nature},
  volume={444},
  number={7121},
  pages={860-867},
  year={2006},
  doi={10.1038/nature05485}
}

@article{Luppino2010,
  title={Overweight, obesity, and depression: A systematic review and meta-analysis of longitudinal studies},
  author={Luppino, F. S. and de Wit, L. M. and Bouvy, P. F.},
  journal={Archives of General Psychiatry},
  volume={67},
  number={3},
  pages={220-229},
  year={2010},
  doi={10.1001/archgenpsychiatry.2010.2}
}

@article{Faith2011,
  title={Evidence for prospective associations among depression and obesity in population-based studies},
  author={Faith, M. S. and Butryn, M. and Wadden, T. A.},
  journal={Obesity Reviews},
  volume={12},
  number={5},
  pages={e438-e453},
  year={2011},
  doi={10.1111/j.1467-789X.2010.00843.x}
}

@article{Berk2013,
  title={So depression is an inflammatory disease, but where does the inflammation come from?},
  author={Berk, M. and Williams, L. J. and Jacka, F. N.},
  journal={BMC Medicine},
  volume={11},
  number={1},
  pages={200},
  year={2013},
  doi={10.1186/1741-7015-11-200}
}

@article{Scott2008,
  title={Depression‚Äìanxiety relationships with chronic physical conditions: results from the World Mental Health Surveys},
  author={Scott, K. M. and Bruffaerts, R. and Tsang, A.},
  journal={Journal of Affective Disorders},
  volume={103},
  number={1-3},
  pages={113-120},
  year={2008},
  doi={10.1016/j.jad.2007.01.015}
}

@article{Goodman2003,
  title={A prospective study of the role of depression in the development and persistence of adolescent obesity},
  author={Goodman, E. and Whitaker, R. C.},
  journal={Pediatrics},
  volume={110},
  number={3},
  pages={497-504},
  year={2003},
  doi={10.1542/peds.110.3.497}
}

@article{Charmandari2005,
  title={Endocrinology of the stress response},
  author={Charmandari, E. and Tsigos, C. and Chrousos, G.},
  journal={Annual Review of Physiology},
  volume={67},
  pages={259-284},
  year={2005},
  doi={10.1146/annurev.physiol.67.040403.120816}
}

@article{Everson2002,
  title={Epidemiologic evidence for the relation between socioeconomic status and depression, obesity, and diabetes},
  author={Everson, S. A. and Maty, S. C. and Lynch, J. W.},
  journal={Journal of Psychosomatic Research},
  volume={53},
  number={4},
  pages={891-895},
  year={2002},
  doi={10.1016/S0022-3999(02)00303-3}
}

@article{Puhl2009,
  title={The stigma of obesity: a review and update},
  author={Puhl, R. M. and Heuer, C. A.},
  journal={Obesity},
  volume={17},
  number={5},
  pages={941-964},
  year={2009},
  doi={10.1038/oby.2008.636}
}

@article{Laraia2013,
  title={Food insecurity with past experience of restrained eating is a recipe for increased gestational weight gain},
  author={Laraia, B. A. and Epel, E. S. and Siega-Riz, A. M.},
  journal={Appetite},
  volume={65},
  pages={178-184},
  year={2013},
  doi={10.1016/j.appet.2013.02.007}
}

@article{jeatdisord2019,
  title={The association between eating disorders and mental health: an umbrella review},
  author={Journal of Eating Disorders},
  journal={Journal of Eating Disorders},
  volume={7},
  year={2019},
  pages={1--25},
  publisher={BioMed Central}
}

@article{cambridge2020,
  title={Trends in the prevalence and disability-adjusted life years of eating disorders from 1990 to 2017: results from the Global Burden of Disease Study 2017},
  author={Epidemiology and Psychiatric Sciences},
  journal={Epidemiology and Psychiatric Sciences},
  volume={29},
  year={2020},
  pages={e191},
  publisher={Cambridge University Press}
}

@article{bmjpsychiatry2020,
  title={Population mental health improves with increasing access to treatment: evidence from a dynamic modelling analysis},
  author={BMC Psychiatry},
  journal={BMC Psychiatry},
  volume={20},
  year={2020},
  pages={1--13},
  publisher={BioMed Central}
}

